@book{
	DF ,
	title = { Abstract Algebra } ,
	author = { Dummit and Foote } ,
	edition = { 3 } ,
	year = { 2004 } ,
	publisher = { John Wiley \& Sons }
}